@misc{re_2022_a,
  author = {Re, V. and Ghislotti, L. and Lazzaroni, P. and Manghisoni, M. and Riceputi, E. and Ratti, L. and Boezio, M. and Zampa, G. and Fabris, L.},
  month = {05},
  title = {A 32-channels mixed-signal Processor for the Tracking System of the GAPS Experiment},
  url = {https://agenda.infn.it/event/22092/contributions/167321/attachments/91411/124353/Re_Elba_2022.pdf},
  year = {2022},
  organization = {15th Pisa Meeting on Advanced Detectors}
}

@misc{riceputi_2022_the,
  author = {Riceputi, Elisa},
  editor = {Boezio, Mirko and Fabris, Lorenzo and Ghislotti, Luca and Lazzaroni, Paolo and Manghisoni, Massimo and Ratti, Lodovico and Re, Valerio and Zampa, Gianluigi},
  month = {09},
  title = {The 32 analog channels readout for the long-flight GAPS balloon experiment tracking system },
  year = {2022}
}

@article{re_2022_b,
  author = {Re, Valerio and Luca Ghislotti and Lazzaroni, Paolo and Massimo Manghisoni and Riceputi, Elisa and Ratti, Lodovico and Mirko Boezio and Zampa, Gianluigi and Fabris, Lorenzo},
  pages = {167617},
  title = {A mixed-signal processor for X-ray spectrometry and tracking in the GAPS experiment},
  doi = {https://doi.org/10.1016/j.nima.2022.167617},
  url = {https://www.sciencedirect.com/science/article/pii/S0168900222009093},
  year = {2022},
  journal = {Nuclear Instruments and Methods in Physics Research Section A: Accelerators, Spectrometers, Detectors and Associated Equipment}
}